<record><leader>00000cas a22000007a 4500</leader><controlfield tag="001">15207009</controlfield><controlfield tag="008">870218d18751876mouwr ne      0    0eng d</controlfield><datafield ind1=" " ind2=" " tag="010"><subfield code="a">sn 87052206 </subfield></datafield><datafield ind1=" " ind2=" " tag="040"><subfield code="a">NPX</subfield><subfield code="b">eng</subfield><subfield code="c">NPX</subfield><subfield code="d">MQN</subfield><subfield code="d">NVF</subfield><subfield code="d">OBN</subfield><subfield code="d">OCLCQ</subfield><subfield code="d">ZAD</subfield><subfield code="d">OCLCQ</subfield><subfield code="d">OCLCF</subfield></datafield><datafield ind1="1" ind2=" " tag="029"><subfield code="a">AU@</subfield><subfield code="b">000025824687</subfield></datafield><datafield ind1=" " ind2=" " tag="042"><subfield code="a">msc</subfield></datafield><datafield ind1=" " ind2=" " tag="043"><subfield code="a">n-us-mo</subfield></datafield><datafield ind1="0" ind2=" " tag="130"><subfield code="a">St. Louis globe-democrat (Saint Louis, Mo. : Weekly)</subfield></datafield><datafield ind1="1" ind2="0" tag="245"><subfield code="a">St. Louis globe-democrat.</subfield></datafield><datafield ind1="3" ind2=" " tag="246"><subfield code="a">Saint Louis globe-democrat</subfield></datafield><datafield ind1="3" ind2=" " tag="246"><subfield code="a">St. Louis weekly globe-democrat</subfield></datafield><datafield ind1="3" ind2=" " tag="246"><subfield code="a">Saint Louis weekly globe democrat</subfield></datafield><datafield ind1=" " ind2=" " tag="260"><subfield code="a">St. Louis [Mo. :</subfield><subfield code="b">s.n.]</subfield></datafield><datafield ind1=" " ind2=" " tag="300"><subfield code="a">v.</subfield></datafield><datafield ind1=" " ind2=" " tag="310"><subfield code="a">Weekly</subfield></datafield><datafield ind1="0" ind2=" " tag="362"><subfield code="a">New ser., vol. 1, no. 3 (June 18, 1875)-</subfield></datafield><datafield ind1="1" ind2=" " tag="362"><subfield code="a">Ceased in 1876.</subfield></datafield><datafield ind1=" " ind2=" " tag="580"><subfield code="a">Daily ed.: St. Louis globe-democrat (Saint Louis, Mo. : 1875).</subfield></datafield><datafield ind1=" " ind2="0" tag="651"><subfield code="a">Saint Louis (Mo.)</subfield><subfield code="v">Newspapers.</subfield></datafield><datafield ind1=" " ind2="0" tag="651"><subfield code="a">Saint Louis County (Mo.)</subfield><subfield code="v">Newspapers.</subfield></datafield><datafield ind1=" " ind2="7" tag="655"><subfield code="a">Newspapers.</subfield><subfield code="2">fast</subfield><subfield code="0">(OCoLC)fst01423814</subfield></datafield><datafield ind1=" " ind2="7" tag="651"><subfield code="a">Missouri</subfield><subfield code="z">Saint Louis.</subfield><subfield code="2">fast</subfield><subfield code="0">(OCoLC)fst01204930</subfield></datafield><datafield ind1=" " ind2="7" tag="651"><subfield code="a">Missouri</subfield><subfield code="z">Saint Louis County.</subfield><subfield code="2">fast</subfield><subfield code="0">(OCoLC)fst01210213</subfield></datafield><datafield ind1=" " ind2=" " tag="752"><subfield code="a">United States</subfield><subfield code="b">Missouri</subfield><subfield code="c">Saint Louis</subfield><subfield code="d">Saint Louis.</subfield></datafield><datafield ind1="1" ind2=" " tag="775"><subfield code="t">St. Louis globe-democrat (Saint Louis, Mo. : 1875)</subfield><subfield code="w">(DLC)sn 83045405</subfield></datafield><datafield ind1="0" ind2=" " tag="775"><subfield code="t">St. Louis globe-democrat (Saint Louis, Mo. : Semiweekly)</subfield><subfield code="w">(DLC)sn 87052207</subfield></datafield><datafield ind1="0" ind2="0" tag="780"><subfield code="t">Weekly globe-democrat (Saint Louis, Mo. : 1875)</subfield><subfield code="w">(DLC)sn 87052216</subfield></datafield><datafield ind1="0" ind2="0" tag="785"><subfield code="t">Weekly globe-democrat (Saint Louis, Mo. : 1876)</subfield><subfield code="w">(DLC)sn 84020171</subfield></datafield></record>